<?xml version="1.0" encoding="UTF-8"?><collection xmlns="http://www.loc.gov/MARC21/slim"><record><leader>00551nam--2200193-u-4500</leader><controlfield tag="001">000051461</controlfield><controlfield tag="002">20161230</controlfield><controlfield tag="005">20161230201049</controlfield><controlfield tag="008">080717s1000------------r-----000-0-eng-d</controlfield><datafield ind1=" " ind2=" " tag="040"><subfield code="a">IFIN-HH</subfield></datafield><datafield ind1="1" ind2=" " tag="100"><subfield code="a">Grauert, Hans; Lieb, Ingo</subfield></datafield><datafield ind1="1" ind2="0" tag="245"><subfield code="a">Differential-und Integralrechnung I Funktionen einer reellen Veranderlichen</subfield></datafield><datafield ind1=" " ind2=" " tag="260"><subfield code="a">Berlin</subfield><subfield code="b">Springer Verlag</subfield><subfield code="c">1967</subfield></datafield><datafield ind1=" " ind2=" " tag="300"><subfield code="a">200 p</subfield></datafield><datafield ind1=" " ind2=" " tag="490"><subfield code="a">Heidelberger Taschenbucher</subfield><subfield code="v">Band 26</subfield></datafield><datafield ind1="1" ind2=" " tag="700"><subfield code="a">Hans Grauert</subfield></datafield><datafield ind1=" " ind2=" " tag="700"><subfield code="a">Ingo Lieb</subfield></datafield><datafield ind1=" " ind2=" " tag="852"><subfield code="a">30082</subfield><subfield code="c">517.2/3</subfield></datafield><datafield ind1=" " ind2=" " tag="CAT"><subfield code="a">Sys</subfield><subfield code="c">20080717</subfield><subfield code="h">122549</subfield></datafield></record></collection>